@book{马克思2004资本论,
  title={资本论.第一卷},
  author={马克思},
  publisher={资本论.第一卷},
  year={2004},
}

@article{greenwade93,
    author  = "George D. Greenwade",
    title   = "The {C}omprehensive {T}ex {A}rchive {N}etwork ({CTAN})",
    year    = "1993",
    journal = "TUGBoat",
    volume  = "14",
    number  = "3",
    pages   = "342--351"
}

@article{高峰2004产品创新与资本积累,
  title={产品创新与资本积累},
  author={高峰},
  journal={当代经济研究},
  number={4},
  pages={3--10},
  year={2004}
}

@article{庄忠正2019人工智能的人学反思,
  title={人工智能的人学反思--马克思机器观的一种考察},
  author={庄忠正},
  journal={东南学术},
  number={2},
  pages={83--88},
  year={2019}
}

@mastersthesis{张爱丹2019人工智能时代就业问题的伦理思考,
  title={人工智能时代就业问题的伦理思考},
  author={张爱丹},
  year={2019},
  school={华中科技大学}
}

@article{栗桢2013关于赛博朋克电影主要元素的哲学思考,
  title={关于赛博朋克电影主要元素的哲学思考},
  author={栗桢},
  journal={天中学刊},
  volume={28},
  number={5},
  pages={65--69},
  year={2013}
}

@article{安庆文2017基于区块链的去中心化交易关键技术研究及应用,
  title={基于区块链的去中心化交易关键技术研究及应用},
  author={安庆文},
  journal={上海: 东华大学},
  year={2017}
}

@article{吕廷杰2021数字经济背景下的算力网络研究,
  title={数字经济背景下的算力网络研究},
  author={吕廷杰 and 刘峰},
  journal={北京交通大学学报 (社会科学版)},
  volume={20},
  number={01},
  pages={11},
  year={2021}
}

@article{沈鑫2016区块链技术综述,
  title={区块链技术综述},
  author={沈鑫 and 裴庆祺 and 刘雪峰},
  journal={网络与信息安全学报},
  volume={2},
  number={11},
  pages={11--20},
  year={2016}
}

@article{刘冠军2006科技创新与相对剩余价值生产,
  title={科技创新与相对剩余价值生产——一种现代科技劳动价值论视域的研究},
  author={刘冠军},
  journal={郑州大学学报: 哲学社会科学版},
  volume={39},
  number={3},
  pages={72--74},
  year={2006}
}

@article{李玮2007相对剩余价值生产新解,
  title={相对剩余价值生产新解},
  author={李玮},
  journal={生产力研究},
  number={15},
  pages={7--8},
  year={2007}
}

@article{荣兆梓2009相对剩余价值长期趋势与劳动力价值决定,
  title={相对剩余价值长期趋势与劳动力价值决定},
  author={荣兆梓},
  journal={马克思主义研究},
  volume={7},
  year={2009}
}
